<record><leader>00000cas a22000007a 4500</leader><controlfield tag="001">23379363</controlfield><controlfield tag="007">hd afu---buca</controlfield><controlfield tag="008">910405d18001839dcudn nea     0    0eng d</controlfield><datafield ind1=" " ind2=" " tag="010"><subfield code="a">sn 91025740 </subfield></datafield><datafield ind1=" " ind2=" " tag="040"><subfield code="a">HLS</subfield><subfield code="b">eng</subfield><subfield code="c">HLS</subfield><subfield code="d">HUL</subfield><subfield code="d">OCLCQ</subfield></datafield><datafield ind1=" " ind2=" " tag="012"><subfield code="i">9104</subfield></datafield><datafield ind1=" " ind2=" " tag="042"><subfield code="a">msc</subfield></datafield><datafield ind1=" " ind2=" " tag="043"><subfield code="a">n-us-pa</subfield></datafield><datafield ind1="0" ind2="0" tag="245"><subfield code="a">Poulson's American daily advertiser.</subfield></datafield><datafield ind1="1" ind2="0" tag="246"><subfield code="a">American daily advertiser</subfield></datafield><datafield ind1=" " ind2=" " tag="260"><subfield code="a">Philadelphia :</subfield><subfield code="b">Z. Poulson,</subfield><subfield code="c">1800-1839.</subfield></datafield><datafield ind1=" " ind2=" " tag="300"><subfield code="a">40 volumes</subfield></datafield><datafield ind1=" " ind2=" " tag="310"><subfield code="a">Daily (except Sun.)</subfield></datafield><datafield ind1=" " ind2=" " tag="336"><subfield code="a">text</subfield><subfield code="b">txt</subfield><subfield code="2">rdacontent</subfield></datafield><datafield ind1=" " ind2=" " tag="337"><subfield code="a">microform</subfield><subfield code="b">h</subfield><subfield code="2">rdamedia</subfield></datafield><datafield ind1=" " ind2=" " tag="338"><subfield code="a">microfilm reel</subfield><subfield code="b">hd</subfield><subfield code="2">rdacarrier</subfield></datafield><datafield ind1="0" ind2=" " tag="362"><subfield code="a">Vol. 29, no. 7422 (Oct. 1, 1800)-v. 68, no. 19689 (Dec. 28, 1839).</subfield></datafield><datafield ind1=" " ind2=" " tag="515"><subfield code="a">Continues the numbering of: Pennsylvania packet, and the general advertiser.</subfield></datafield><datafield ind1=" " ind2=" " tag="580"><subfield code="a">Merged with: North American (Philadelphia, Pa. : 1839), to form: North American and daily advertiser.</subfield></datafield><datafield ind1=" " ind2=" " tag="533"><subfield code="a">Microfilm.</subfield><subfield code="b">Washington, D.C. :</subfield><subfield code="c">Library of Congress Photoduplication Service.</subfield><subfield code="e">microfilm reels ; 35 mm.</subfield></datafield><datafield ind1=" " ind2=" " tag="752"><subfield code="a">United States</subfield><subfield code="b">Pennsylvania</subfield><subfield code="c">Philadelphia</subfield><subfield code="d">Philadelphia.</subfield></datafield><datafield ind1="0" ind2="0" tag="780"><subfield code="t">Claypoole's American daily advertiser</subfield></datafield><datafield ind1="1" ind2="7" tag="785"><subfield code="t">North American (Philadelphia, Pa. : 1839)</subfield></datafield><datafield ind1="1" ind2="7" tag="785"><subfield code="t">North American and daily advertiser</subfield></datafield><datafield ind1=" " ind2=" " tag="850"><subfield code="a">MH</subfield></datafield><datafield ind1="1" ind2=" " tag="029"><subfield code="a">AU@</subfield><subfield code="b">000025872872</subfield></datafield></record>